@book{WojciechowskiJacek2013Gis,
	publisher = {Wydawnictwo Naukowe PWN},
	isbn = {9788301174361},
	year = {2013},
	title = {Grafy i sieci},
	language = {pol},
	address = {Warszawa},
	author = {Wojciechowski, Jacek and Pieńkosz, Krzysztof},
	keywords = {teoria grafów},
}


